@article{zerocash,
    author = "Eli Ben-Sasson and Alessandro Chiesa and Christina Garman and Matthew Green and Ian Miers and Eran Tromer and Madars Virza",
    title = "{Zerocash: Decentralized Anonymous Payments from Bitcoin}",
    journal = "IEEE Symposium on Security and Privacy",
    pages = "459--474",
    year = "2014",
}

@article{zerocoin,
    author = "Ian Miers and Christina Garman and Matthew Green and Aviel D. Rubin",
    title = "{Zerocoin: Anonymous Distributed E-Cash from Bitcoin}",
    journal = "IEEE Symposium on Security and Privacy",
    pages = "397--411",
    year = "2013",
}

@manual{bitcoin,
    author = "Satoshi Nakamoto",
    title = "{Bitcoin: A Peer-to-Peer Electronic Cash System}",
    url = "https://bitcoin.org/bitcoin.pdf",
}